%@article{Kaptari:2013dma,
%      author         = "Kaptari, L. P. and Del Dotto, A. and Pace, E. and Salme',
%                        G. and Scopetta, S.",
%      title          = "{Distorted spin-dependent spectral function of an A=3
%                        nucleus and semi-inclusive deep inelastic scattering
%                        processes}",
%      journal        = "Phys. Rev.",
%      volume         = "C89",
%      year           = "2014",
%      number         = "3",
%      pages          = "035206",
%      doi            = "10.1103/PhysRevC.89.035206",
%      eprint         = "1307.2848",
%      archivePrefix  = "arXiv",
%      primaryClass   = "nucl-th",
%      reportNumber   = "JLAB-THY-13-1732",
%      SLACcitation   = "%%CITATION = ARXIV:1307.2848;%%"
%}

